<record><leader>00000cas a2200000 a 4500</leader><controlfield tag="001">9341113</controlfield><controlfield tag="008">830324c19219999meudr ne      0    0eng  </controlfield><datafield ind1=" " ind2=" " tag="010"><subfield code="a">sn 83016029 </subfield><subfield code="z">sn 83016028 </subfield></datafield><datafield ind1=" " ind2=" " tag="040"><subfield code="a">DLC</subfield><subfield code="b">eng</subfield><subfield code="c">DLC</subfield><subfield code="d">YOX</subfield><subfield code="d">DLC</subfield><subfield code="d">MGN</subfield><subfield code="d">OCL</subfield><subfield code="d">CNW</subfield><subfield code="d">NVF</subfield><subfield code="d">MBN</subfield><subfield code="d">DLC</subfield><subfield code="d">KRTAS</subfield><subfield code="d">DLC</subfield><subfield code="d">OCLCQ</subfield><subfield code="d">OCLCO</subfield><subfield code="d">OCLCF</subfield></datafield><datafield ind1=" " ind2=" " tag="019"><subfield code="a">9338950</subfield></datafield><datafield ind1="1" ind2=" " tag="029"><subfield code="a">AU@</subfield><subfield code="b">000020398749</subfield></datafield><datafield ind1="1" ind2=" " tag="029"><subfield code="a">NZ1</subfield><subfield code="b">16075981</subfield></datafield><datafield ind1=" " ind2=" " tag="037"><subfield code="b">Guy Gannett Pub. Co., 390 Congress St., Portland, ME 04101</subfield></datafield><datafield ind1=" " ind2=" " tag="042"><subfield code="a">pcc</subfield></datafield><datafield ind1=" " ind2=" " tag="043"><subfield code="a">n-us-me</subfield></datafield><datafield ind1="0" ind2="0" tag="050"><subfield code="a">Newspaper</subfield></datafield><datafield ind1="0" ind2="0" tag="245"><subfield code="a">Portland press herald.</subfield></datafield><datafield ind1="1" ind2=" " tag="246"><subfield code="i">Issues for Sunday Nov. 27, 1921-June 8, 1924 published as:</subfield><subfield code="a">Sunday press herald</subfield></datafield><datafield ind1="1" ind2=" " tag="246"><subfield code="i">Issues for Sunday June 15, 1924-July 26, 1925 published as:</subfield><subfield code="a">Sunday press herald and Maine farmer</subfield></datafield><datafield ind1="1" ind2=" " tag="246"><subfield code="i">Issues for Sunday Aug. 2, 1925-Dec. 31, 1967 published as:</subfield><subfield code="a">Portland Sunday telegram and Sunday press herald</subfield></datafield><datafield ind1="1" ind2=" " tag="246"><subfield code="i">Issues for Jan. 7, 1968- published as:</subfield><subfield code="a">Maine Sunday telegram</subfield></datafield><datafield ind1="1" ind2="3" tag="246"><subfield code="a">Press herald</subfield></datafield><datafield ind1=" " ind2=" " tag="260"><subfield code="a">Portland, Me. :</subfield><subfield code="b">Independent News Pub. Co.,</subfield><subfield code="c">1921-</subfield></datafield><datafield ind1=" " ind2=" " tag="300"><subfield code="a">v.</subfield></datafield><datafield ind1=" " ind2=" " tag="310"><subfield code="a">Daily</subfield></datafield><datafield ind1="0" ind2=" " tag="362"><subfield code="a">Nov. 21, 1921-</subfield></datafield><datafield ind1=" " ind2=" " tag="500"><subfield code="a">"A Blethen Maine newspaper", &lt;June 16, 2000&gt;</subfield></datafield><datafield ind1=" " ind2=" " tag="500"><subfield code="a">Published a reduced-size Overseas edition, &lt;1941-1945&gt;</subfield></datafield><datafield ind1=" " ind2=" " tag="500"><subfield code="a">Published a Service edition, &lt;Dec. 8, 1943-Sept. 29, 1945&gt;</subfield></datafield><datafield ind1=" " ind2=" " tag="515"><subfield code="a">Volume and number designation added with issue for, &lt;June 16, 2000&gt;.</subfield></datafield><datafield ind1=" " ind2=" " tag="515"><subfield code="a">Sunday issues have their own numbering.</subfield></datafield><datafield ind1=" " ind2=" " tag="530"><subfield code="a">Also issued on microfilm from the Library of Congress, Photoduplication Service, and Bell &amp; Howell Information and Learning.</subfield></datafield><datafield ind1=" " ind2=" " tag="580"><subfield code="a">Merger of: Portland daily press, and: Portland herald.</subfield></datafield><datafield ind1=" " ind2=" " tag="588"><subfield code="a">Latest issue consulted: Vol. 113, no. 3 (July 30, 2000).</subfield></datafield><datafield ind1=" " ind2="0" tag="651"><subfield code="a">Portland (Me.)</subfield><subfield code="v">Newspapers.</subfield></datafield><datafield ind1=" " ind2="0" tag="651"><subfield code="a">Cumberland County (Me.)</subfield><subfield code="v">Newspapers.</subfield></datafield><datafield ind1=" " ind2="7" tag="655"><subfield code="a">Newspapers.</subfield><subfield code="2">fast</subfield><subfield code="0">(OCoLC)fst01423814</subfield></datafield><datafield ind1=" " ind2="7" tag="651"><subfield code="a">Maine</subfield><subfield code="z">Cumberland County.</subfield><subfield code="2">fast</subfield><subfield code="0">(OCoLC)fst01221057</subfield></datafield><datafield ind1=" " ind2="7" tag="651"><subfield code="a">Maine</subfield><subfield code="z">Portland.</subfield><subfield code="2">fast</subfield><subfield code="0">(OCoLC)fst01213254</subfield></datafield><datafield ind1=" " ind2=" " tag="752"><subfield code="a">United States</subfield><subfield code="b">Maine</subfield><subfield code="c">Cumberland</subfield><subfield code="d">Portland.</subfield></datafield><datafield ind1="0" ind2=" " tag="775"><subfield code="t">Portland evening express (Portland, Me.)</subfield><subfield code="w">(DLC)sn 96075085</subfield><subfield code="w">(OCoLC)34835078</subfield></datafield><datafield ind1="0" ind2=" " tag="775"><subfield code="t">Evening express (Portland, Me. : 1971)</subfield><subfield code="w">(DLC)sn 98065801</subfield><subfield code="w">(OCoLC)38313117</subfield></datafield><datafield ind1="0" ind2="5" tag="780"><subfield code="t">Maine farmer</subfield><subfield code="w">(DLC)sn 89071076</subfield><subfield code="w">(OCoLC)1773959</subfield></datafield><datafield ind1="0" ind2="5" tag="780"><subfield code="t">Portland Sunday telegram</subfield><subfield code="w">(DLC)sn 96075171</subfield><subfield code="w">(OCoLC)36145899</subfield></datafield><datafield ind1="1" ind2="4" tag="780"><subfield code="t">Portland daily press</subfield><subfield code="w">(DLC)sn 83016025</subfield><subfield code="w">(OCoLC)9338674</subfield></datafield><datafield ind1="1" ind2="4" tag="780"><subfield code="t">Portland herald</subfield><subfield code="w">(DLC)sn 83016027</subfield><subfield code="w">(OCoLC)9338876</subfield></datafield><datafield ind1="4" ind2="1" tag="856"><subfield code="u">http://www.pressherald.com/</subfield></datafield><datafield ind1=" " ind2=" " tag="938"><subfield code="a">Kirtas Technologies, Inc.</subfield><subfield code="b">KRTS</subfield><subfield code="n">736317</subfield></datafield></record>